@misc{RTutorial1,
  title = {{C}alculating {K}endallâ€™s {T}au {R}ank {C}orrelation {C}oefficient},
  date = {2014},
  howpublished = {http://stamash.org/calculating-kendalls-tau-rank-correlation-coefficient/},
  url = {http://stamash.org/calculating-kendalls-tau-rank-correlation-coefficient/},
  note = {Accessed: 2014-10-01}
}

@misc{RTutorial2,
  title = {R Tutorial},
  date = {2014},
  howpublished = {http://www.r-tutor.com/gpu-computing/correlation/kendall-tau-b/},
  url = {http://www.r-tutor.com/gpu-computing/correlation/kendall-tau-b},
  note = {Accessed: 2014-10-01}
}
 