@online{pciBook,
  author = {{T}oby {S}egaran},
  title = {{P}rogramming {C}ollective {I}ntelligence},
  year = 2007,
  url = {http://edc.tversu.ru/elib/inf/0251.pdfâ€‹},
  urldate = {2014-11-20}
}
