@misc{Tweepy,
  title = {{T}witter API},
  date = {2009-01-01},
  howpublished = {http://tweepy.readthedocs.org/en/v2.3.0/},
  url = {http://tweepy.readthedocs.org/en/v2.3.0/},
  note = {Accessed: 2014-10-14}
}

@misc{Oauth,
  title = {Oath},
  date = {2014-01-01},
  howpublished = {https://dev.twitter.com/oauth},
  url = {https://dev.twitter.com/oauth},
  note = {Accessed: 2014-10-14}
}

@misc{Selenium,
  title = {Selenium},
  date = {2012-01-01},
  howpublished = {http://www.seleniumhq.org/},
  url = {http://www.seleniumhq.org/},
  note = {Accessed: 2014-10-15}
}


@misc{BeautifulSoup,
  title = {BeautifulSoup},
  date = {2014-10-15},
  howpublished = {http://www.crummy.com/software/BeautifulSoup/bs4/doc/},
  url = {http://www.crummy.com/software/BeautifulSoup/bs4/doc/},
  note = {Accessed: 2014-10-15}
}



