@online{pciBook,
  author = {{T}oby {S}egaran},
  title = {{P}rogramming {C}ollective {I}ntelligence},
  year = 2007,
  url = {http://edc.tversu.ru/elib/inf/0251.pdfâ€‹},
  urldate = {2014-11-20}
}

@misc{sklearn,
  title = {sci-kit learn},
  date = {2014-12-11},
  howpublished = {http://scikit-learn.org/stable/},
  url = {http://scikit-learn.org/stable/},
  note = {Accessed: 2014-12-11}
}


