@misc{d3,
  title = {{D}ata {D}riven {D}ocuments},
  date = {2013-01-01},
  howpublished = {http://d3js.org/},
  url = {http://d3js.org/},
  note = {Accessed: 2014-11-06}
}

@misc{BeautifulSoup,
  title = {{B}eautiful{S}oup},
  date = {2014-10-15},
  howpublished = {http://www.crummy.com/software/BeautifulSoup/bs4/doc/},
  url = {http://www.crummy.com/software/BeautifulSoup/bs4/doc/},
  note = {Accessed: 2014-11-06}
}
