@misc{igraph,
  title = {{T}he {N}etwork {A}nalysis {P}ackage},
  date = {2014-10-23},
  howpublished = {http://igraph.org/redirect.html/},
  url = {http://igraph.org/redirect.html/},
  note = {Accessed: 2014-10-23}
}