@misc{FR,
  title = {Fruchterman-Reingold},
  date = {2011-06-07},
  howpublished = {https://wiki.gephi.org/index.php/Fruchterman-Reingold},
  url = {https://wiki.gephi.org/index.php/Fruchterman-Reingold},
  note = {Accessed: 2014-10-08}
}

@misc{YFH,
  title = {{E}fficient and {H}igh {Q}uality {F}orce-{D}irected {G}raph {D}rawing},
  date = {2014-10-09},
  howpublished = {http://yifanhu.net/PUB/graph_draw_small.pdf},
  url = {http://yifanhu.net/PUB/graph_draw_small.pdf},
  note = {Accessed: 2014-10-09}
}

